@article{higgs_cms,
      author         = "Chatrchyan, Serguei and others",
      title          = "{Observation of a new boson at a mass of 125 GeV with the
                        CMS experiment at the LHC}",
      collaboration  = "CMS Collaboration",
      journal        = "Phys. Lett. B",
      year           = "2012",
      eprint         = "1207.7235",
      archivePrefix  = "arXiv",
      primaryClass   = "hep-ex",
      reportNumber   = "CMS-HIG-12-028, CERN-PH-EP-2012-220",
      SLACcitation   = "%%CITATION = ARXIV:1207.7235;%%",
}


@article{higgs_atlas,
      author         = "Aad, Georges and others",
      title          = "{Observation of a new particle in the search for the
                        Standard Model Higgs boson with the ATLAS detector at the
                        LHC}",
      collaboration  = "ATLAS Collaboration",
      journal        = "Phys. Lett. B",
      year           = "2012",
      eprint         = "1207.7214",
      archivePrefix  = "arXiv",
      primaryClass   = "hep-ex",
      reportNumber   = "CERN-PH-EP-2012-218",
      SLACcitation   = "%%CITATION = ARXIV:1207.7214;%%",
}



@Article{mssm,
     author    = "Dimopoulos, Savas and Georgi, Howard",
     title     = "{Softly Broken Supersymmetry and SU(5)}",
     journal   = "Nucl. Phys. B",
     volume    = "193",
     year      = "1981",
     pages     = "150-162",
     doi       = "10.1016/0550-3213(81)90522-8",
     SLACcitation  = "%%CITATION = NUPHA,B193,150;%%"
}
@Article{nsd,
     author    = "Weinberg, Steven",
     title     = "{Implications of Dynamical Symmetry Breaking}",
     journal   = "Phys. Rev. D",
     volume    = "13",
     year      = "1976",
     pages     = "974-996",
     doi       = "10.1103/PhysRevD.13.974",
     SLACcitation  = "%%CITATION = PHRVA,D13,974;%%"
}
@Article{nsd2,
     author    = "Susskind, Leonard",
     title     = "{Dynamics of Spontaneous Symmetry Breaking in the Weinberg-
                  Salam Theory}",
     journal   = "Phys. Rev. D",
     volume    = "20",
     year      = "1979",
     pages     = "2619-2625",
     doi       = "10.1103/PhysRevD.20.2619",
     SLACcitation  = "%%CITATION = PHRVA,D20,2619;%%"
}
@Article{nsd3,
     author    = "Hill, Christopher T. and Parke, Stephen J.",
     title     = "{Top production: Sensitivity to new physics}",
     journal   = "Phys. Rev. D",
     volume    = "49",
     year      = "1994",
     pages     = "4454-4462",
     eprint    = "hep-ph/9312324",
     archivePrefix = "arXiv",
     doi       = "10.1103/PhysRevD.49.4454",
     SLACcitation  = "%%CITATION = HEP-PH/9312324;%%"
}

@article{Hill:1991at,
      author         = "Hill, Christopher T.",
      title          = "{Topcolor: Top quark condensation in a gauge extension of
                        the standard model}",
      journal        = "Phys. Lett. B",
      volume         = "266",
      pages          = "419-424",
      doi            = "10.1016/0370-2693(91)91061-Y",
      year           = "1991",
      reportNumber   = "FERMILAB-PUB-91-105-T",
      SLACcitation   = "%%CITATION = PHLTA,B266,419;%%",
     note = "Updates in \href{http://arxiv.org/abs/hep-ph/9911288}{\tt{arXiv:hep-ph/9911288}} and \href{http://arxiv.org/abs/1112.4928}{\tt{arXiv:hep-ph/1112.4928}}."
}
@article{Hill:1994hp,
      author         = "Hill, Christopher T.",
      title          = "{Topcolor assisted technicolor}",
      journal        = "Phys. Lett. B",
      volume         = "345",
      pages          = "483-489",
      doi            = "10.1016/0370-2693(94)01660-5",
      year           = "1995",
      eprint         = "hep-ph/9411426",
      archivePrefix  = "arXiv",
      primaryClass   = "hep-ph",
      reportNumber   = "FERMILAB-PUB-94-395-T",
      SLACcitation   = "%%CITATION = HEP-PH/9411426;%%"
}

@Article{nsd4,
     author    = "Chivukula, R. Sekhar and Dobrescu, Bogdan A. and Georgi,
                  Howard and Hill, Christopher T.",
     title     = "{Top quark seesaw theory of electroweak symmetry
                    breaking}",
       journal   = "Phys. Rev. D",
       volume    = "59",
       year      = "1999",
       pages     = "075003",
       eprint    = "hep-ph/9809470",
       archivePrefix = "arXiv",
       doi       = "10.1103/PhysRevD.59.075003",
       SLACcitation  = "%%CITATION = HEP-PH/9809470;%%"
  }
  @Article{littlehiggs,
       author    = "Arkani-Hamed, Nima and Cohen, Andrew G. and Georgi, Howard
                    ",
       title     = "{Electroweak symmetry breaking from dimensional
                    deconstruction}",
       journal   = "Phys. Lett. B",
       volume    = "513",
       year      = "2001",
       pages     = "232-240",
       eprint    = "hep-ph/0105239",
       archivePrefix = "arXiv",
       doi       = "10.1016/S0370-2693(01)00741-9",
       SLACcitation  = "%%CITATION = HEP-PH/0105239;%%"
  }
  @Article{ed,
       author    = "Arkani-Hamed, Nima and Dimopoulos, Savas and Dvali, G. R.",
       title     = "{The hierarchy problem and new dimensions at a
                    millimeter}",
       journal   = "Phys. Lett. B",
       volume    = "429",
       year      = "1998",
       pages     = "263-272",
       eprint    = "hep-ph/9803315",
       archivePrefix = "arXiv",
       doi       = "10.1016/S0370-2693(98)00466-3",
       SLACcitation  = "%%CITATION = HEP-PH/9803315;%%"
  }
  @Article{rs1,
       author    = "Randall, Lisa and Sundrum, Raman",
       title     = "{A large mass hierarchy from a small extra dimension}",
       journal   = "Phys. Rev. Lett.",
       volume    = "83",
       year      = "1999",
       pages     = "3370-3373",
       eprint    = "hep-ph/9905221",
       archivePrefix = "arXiv",
       doi       = "10.1103/PhysRevLett.83.3370",
       SLACcitation  = "%%CITATION = HEP-PH/9905221;%%"
  }
  @Article{rs2,
       author    = "Randall, Lisa and Sundrum, Raman",
       title     = "{An alternative to compactification}",
       journal   = "Phys. Rev. Lett.",
       volume    = "83",
       year      = "1999",
       pages     = "4690-4693",
       eprint    = "hep-th/9906064",
       archivePrefix = "arXiv",
       doi       = "10.1103/PhysRevLett.83.4690",
       SLACcitation  = "%%CITATION = HEP-TH/9906064;%%"
  }
  @Article{cdftt1,
       author    = "Aaltonen, T. and others",
   collaboration = "CDF",
       title     = "{Limits on the production of narrow $\mathrm{t}\overline{\mathrm{t}}$ resonances in
                    $\mathrm{p}\overline{\mathrm{p}}$ collisions at $\sqrt{s} =$ 1.96~TeV}",
       journal   = "Phys. Rev. D",
       volume    = "77",
       year      = "2008",
       pages     = "051102",
       eprint    = "0710.5335",
       archivePrefix = "arXiv",
       primaryClass  =  "hep-ex",
       doi       = "10.1103/PhysRevD.77.051102",
       SLACcitation  = "%%CITATION = 0710.5335;%%"
  }
  @Article{cdftt2,
       author    = "Aaltonen, T. and others",
   collaboration = "CDF",
       title     = "{Search for resonant $\mathrm{t}\overline{\mathrm{t}}$ production in $\mathrm{p}\overline{\mathrm{p}}$
                    collisions at $\sqrt{s}$ = 1.96~TeV}",
       journal   = "Phys. Rev. Lett.",
       volume    = "100",
       year      = "2008",
       pages     = "231801",
       eprint    = "0709.0705",
       archivePrefix = "arXiv",
       primaryClass  =  "hep-ex",
       doi       = "10.1103/PhysRevLett.100.231801",
       SLACcitation  = "%%CITATION = 0709.0705;%%"
  }

  @Article{d0tt_old,
       title="Search for $t\overline{t}$ Resonances in the Lepton+Jets Final State in $p\overline{p}$ Collisions at $\sqrt{s}$ = 1.96~TeV",
       collaboration = "D0",
       journal   = "D0 Note",
       volume    = "5882-CONF",
       year="2009"
  }

@article{d0tt,
     author         = "Abazov, Victor Mukhamedovich and others",
     title          = "{Search for a Narrow $t\bar{t}$ Resonance in $p\bar{p}$
                       Collisions at $\sqrt{s}=1.96$ TeV}",
     collaboration  = "D0",
     journal        = "Phys. Rev. D",
     volume         = "85",
     pages          = "051101",
     doi            = "10.1103/PhysRevD.85.051101",
     year           = "2012",
     eprint         = "1111.1271",
     archivePrefix  = "arXiv",
     primaryClass   = "hep-ex",
     reportNumber   = "FERMILAB-PUB-11-599-E",
     SLACcitation   = "%%CITATION = ARXIV:1111.1271;%%",
}


  @ARTICLE{CMS_AN_2006-027,
       AUTHOR       = "Belotelov, I. and Golutvin, I. and Bourilkov, D. and Lanyov, A. and Rogalev, E. and Savina, M. and Shmatov, S.",
       TITLE        = "Search for {ADD} extra dimensional gravity in di-muon channel with the {CMS} Detector",
       JOURNAL      = "CMS Note",
       VOLUME       = "2006/076",
       URL          = "http://cdsweb.cern.ch/record/962045",
       YEAR         = "2006"}
  @ARTICLE{CMS_NOTE_2006-106,
       AUTHOR       = "Aldaya, M. and Arce, P. and Caballero, J. and de la Cruz, B. and Garcia-Abia, P. and Hernandez, J.M. and Josa, M.I. and Ruiz, E.",
       TITLE        = "Discovery potential and search strategy for the Standard Model {H}iggs boson in the {$H\to ZZ^\star\to 4\mu$} decay channel using a mass-independent analysis",
       JOURNAL      = "CMS Note",
       VOLUME       = "2006/106",
       URL          = "http://cdsweb.cern.ch/record/962058",
       YEAR         = "2006"}
  @Article{Brandt:1997gi,
       author    = "Brandt, A. and others",
   collaboration = "UA8",
       title     = "Measurements of single diffraction at $\sqrt{s} =$ 630 {GeV}:
                    Evidence for  a non-linear $\alpha(t)$ of the pomeron",
       journal   = "Nucl. Phys. B",
       volume    = "514",
       year      = "1998",
       pages     = "3-44",
       SLACcitation  = "%%CITATION = HEP-EX 9710004;%%",
       doi       = "10.1016/S0550-3213(97)00813-4"
  }
  @ARTICLE{Buchmuller:1986zs,
       AUTHOR       = "Buchm{\"u}ller, W. and Wyler, D.",
       TITLE        = "Constraints on SU(5)-type leptoquarks",
       JOURNAL      = "Phys. Lett. B",
       VOLUME       = "177",
       YEAR         = "1986",
       pages        = "p.377",
       SLACcitation  = "%%CITATION = PHLTA,B191,442;%%",
       doi          = "10.1016/0370-2693(86)90771-9"}
  @Article{PTDR2,
       author    = "{CMS Collaboration}",
       title     = "{CMS} technical design report, volume {II}: {Physics}
                    performance",
       journal   = "J. Phys. G",
       volume    = "34",
       year      = "2007",
       pages     = "995-1579",
       doi       = "10.1088/0954-3899/34/6/S01",
       SLACcitation  = "%%CITATION = JPHGB,G34,995;%%"
  }



  @TECHREPORT{CMS-PAS-JME-10-003,
        AUTHOR      = "{CMS Collaboration}",
        COLLABORATION = {CMS},
        TITLE       = "Jet Performance in pp Collisions at $\sqrt{s}$=7 {TeV}",
        URL         = "http://cdsweb.cern.ch/record/1279362",
        TYPE     = "CMS Physics Analysis Summary",
        NUMBER      = "CMS-PAS-JME-10-003",
        YEAR        = "2010"
  }
  @UNPUBLISHED{LEPewkfits,
       author = "{ALEPH, CDF, D0, DELPHI, L3, OPAL, SLD Collaborations,
                                      the LEP Electroweak Working Group, the Tevatron Electroweak Working Group, and the SLD Electroweak and Heavy Flavour Groups}",
       title     = "Precision electroweak measurements and constraints on
  the {Standard Model}",
       URL       = "http://lepewwg.web.cern.ch/LEPEWWG",
       eprint    = "1012.2367",
       archivePrefix = "arXiv",
       primaryClass  =  "hep-ex",
       SLACcitation  = "%%CITATION = 1012.2367;%%"
  }

  @TECHREPORT{catop_cms,
       AUTHOR = "{CMS Collaboration}",
       COLLABORATION= "CMS",
       NUMBER      = "CMS-PAS-JME-009-01",
        TYPE     = "CMS Physics Analysis Summary",
       TITLE        = "A Cambridge-Aachen (C-A) based Jet Algorithm for boosted top-jet tagging",
       URL          = "https://cdsweb.cern.ch/record/1194489",
       year="2009"
  }

@Article{trimming,
     author    = "Krohn, D. and Thaler, J. and Wang, L.~.T.",
     title     = "{Jet Trimming}",
     journal   = "JHEP",
     volume    = "02",
     year      = "2010",
     pages     = "084",
     eprint    = "0912.1342",
     archivePrefix = "arXiv",
     primaryClass  =  "hep-ph",
     doi       = "",
     SLACcitation  = "%%CITATION = 0912.1342;%%"
}




  @Article{rs_gluon_1,
       author    = "Agashe, Kaustubh and Belyaev, Alexander and Krupovnickas,
                    Tadas and Perez, Gilad and Virzi, Joseph",
       title     = "{LHC signals from warped extra dimensions}",
       journal   = "Phys. Rev. D",
       volume    = "77",
       year      = "2008",
       pages     = "015003",
       eprint    = "hep-ph/0612015",
       archivePrefix = "arXiv",
       doi       = "10.1103/PhysRevD.77.015003",
       SLACcitation  = "%%CITATION = HEP-PH/0612015;%%"
  }


  @ARTICLE{ttbar_kfactor,
       AUTHOR      = "Nikolaos Kidonakis and Ramona Vogt",
       TITLE       = "{\em The theoretical top quark cross section at the Tevatron and the LHC}",
       JOURNAL     = "Phys. Rev. D",
       VOLUME      = "78:074005",
       YEAR        = "2008",
       URL         = "http://arxiv.org/abs/0805.3844"
  }

  @ARTICLE{fullsim_summer08,
       COLLABORATION       = "CMS",
       TITLE        = "Summer 08 Monte Carlo Production, https://twiki.cern.ch/twiki/bin/view/CMS/ProductionSummer2008",
       URL          = "https://twiki.cern.ch/twiki/bin/view/CMS/ProductionSummer2008"
  }

  @ARTICLE{fullsim_boostedtop,
       COLLABORATION       = "CMS",
       TITLE        = "Boosted Top Group, https://twiki.cern.ch/twiki/bin/view/CMS/BoostedTop",
       URL          = "https://twiki.cern.ch/twiki/bin/view/CMS/BoostedTop"
  }

  @UNPUBLISHED{roostatscms,
       AUTHOR        = "D. Piparo and Gregory Schott and G. Quast",
       TITLE         = "RooStatsCms: a tool for analyses modelling, combination and statistical studies",
       JOURNAL       = "arXiv:0812.2217v2"
  }

  @ARTICLE{cla_stats,
       AUTHOR        = "I. Bertram and  G. Landsberg and J. Linnemann and R. Partridge and M. Paterno and Prosper, H. B.",
       TITLE         = "{\em A Recipe for the Construction of Confidence Limits}",
       JOURNAL       = "Fermilab TM 2104",
       YEAR          = "2000"
  }


  @book{ptdr_v2,
        collaboration = "CMS",
        title        = "{\em CMS physics: Technical Design Report, Volume 2}",
        publisher    = "CERN",
        address      = "Geneva",
        series       = "Technical Design Report CMS",
        year         = "2006"
  }

  @Article{catop_theory,
       author    = "Kaplan, David E. and Rehermann, Keith and Schwartz, Matthew
                    D. and Tweedie, Brock",
       title     = "{Top Tagging: A Method for Identifying Boosted Hadronically
                    Decaying Top Quarks}",
       journal   = "Phys. Rev. Lett.",
       volume    = "101",
       year      = "2008",
       pages     = "142001",
       eprint    = "0806.0848",
       archivePrefix = "arXiv",
       primaryClass  =  "hep-ph",
       doi       = "10.1103/PhysRevLett.101.142001",
       SLACcitation  = "%%CITATION = 0806.0848;%%"
  }


  @Article{roostats_cl95,
       AUTHOR    = "Landsberg, G. and Kukartsev, G.",
       TITLE     = "RooStatsCl95: cross section in a counting experiment",
       JOURNAL    = "https://twiki.cern.ch/twiki/bin/view/CMS/RooStatsCl95"
  }

  @Article{higgs-combination,
       AUTHOR    = "Petrucciani, G.",
       TITLE     = "Documentation of the RooStats-based statistics tools for Higgs PAG",
       JOURNAL   = "https://twiki.cern.ch/twiki/bin/viewauth/CMS/SWGuideHiggsAnalysisCombinedLimit"
  }



  @article{jetpruning1,
        author         = "Ellis, Stephen D. and Vermilion, Christopher K. and
                          Walsh, Jonathan R.",
        title          = "{Techniques for improved heavy particle searches with jet
                          substructure}",
        journal        = "Phys. Rev. D",
        volume         = "80",
        pages          = "051501",
        doi            = "10.1103/PhysRevD.80.051501",
        year           = "2009",
        eprint         = "0903.5081",
        archivePrefix  = "arXiv",
        primaryClass   = "hep-ph",
  }

  @article{jetpruning2,
        author         = "Ellis, Stephen D. and Vermilion, Christopher K. and
                          Walsh, Jonathan R.",
        title          = "{Recombination Algorithms and Jet Substructure: Pruning
                          as a Tool for Heavy Particle Searches}",
        journal        = "Phys. Rev. D",
        volume         = "81",
        pages          = "094023",
        doi            = "10.1103/PhysRevD.81.094023",
        year           = "2010",
        eprint         = "0912.0033",
        archivePrefix  = "arXiv",
        primaryClass   = "hep-ph",
  }


@article{nsub,
      author         = "Thaler, Jesse and Van Tilburg, Ken",
      title          = "{Maximizing Boosted Top Identification by Minimizing
                        N-subjettiness}",
      journal        = "JHEP",
      volume         = "1202",
      pages          = "093",
      doi            = "10.1007/JHEP02(2012)093",
      year           = "2012",
      eprint         = "1108.2701",
      archivePrefix  = "arXiv",
      primaryClass   = "hep-ph",
      reportNumber   = "MIT-CTP-4287",
      SLACcitation   = "%%CITATION = ARXIV:1108.2701;%%",
}

  @TECHREPORT{particleflow,
        AUTHOR = "{CMS Collaboration}",
       COLLABORATION= "CMS",
       NUMBER      = "CMS-PAS-PFT-09-01",
        TYPE     = "CMS Physics Analysis Summary",
       TITLE        = "{Particle-Flow Event Reconstruction in CMS and Performance for Jets, Taus, and MET}",
       URL          = "https://cdsweb.cern.ch/record/1194487",
       year="2009"
  }



@TECHREPORT{particleflow2,
      AUTHOR      = "{CMS Collaboration}",
      COLLABORATION = "CMS",
       TITLE="Commissioning of the Particle-flow Event Reconstruction with the first LHC collisions recorded in the CMS detector",
      TYPE        = "CMS Physics Analysis Summary",
      NUMBER      = "CMS-PAS-PFT-10-001",
      YEAR        = "2010"
}


  @ARTICLE{cmsdetector,
       COLLABORATION       = "CMS",
       JOURNAL      = "JINST",
       VOLUME       = "3",
       YEAR         = "2009"
       }

@article{madgraph,
      author         = "Alwall, Johan and Demin, Pavel and de Visscher, Simon and
                        Frederix, Rikkert and Herquet, Michel and others",
      title          = "{MadGraph/MadEvent v4: the new web generation}",
      journal        = "JHEP",
      volume         = "09",
      pages          = "028",
      doi            = "10.1088/1126-6708/2007/09/028",
      year           = "2007",
      eprint         = "0706.2334",
      archivePrefix  = "arXiv",
      primaryClass   = "hep-ph",
      reportNumber   = "SLAC-PUB-12603, CP3-07-17",
      SLACcitation   = "%%CITATION = ARXIV:0706.2334;%%",
}



@article{pythia,
      author         = "Sj{\"o}strand, Torbjorn and Eden, Patrik and Friberg,
                        Christer and Lonnblad, Leif and Miu, Gabriela and others",
      title          = "{High-energy physics event generation with PYTHIA 6.1}",
      journal        = "Comput. Phys. Commun.",
      volume         = "135",
      pages          = "238-259",
      doi            = "10.1016/S0010-4655(00)00236-8",
      year           = "2001",
      eprint         = "hep-ph/0010017",
      archivePrefix  = "arXiv",
      primaryClass   = "hep-ph",
      reportNumber   = "LU-TP-00-30",
      SLACcitation   = "%%CITATION = HEP-PH/0010017;%%",
}


@article{pythia8,
     author         = "Sjostrand, Torbjorn and Mrenna, Stephen and Skands, Peter Z.",
     title          = "{A Brief Introduction to PYTHIA 8.1}",
     journal        = "Comput. Phys. Commun.",
     volume         = "178",
     pages          = "852-867",
     doi            = "10.1016/j.cpc.2008.01.036",
     year           = "2008",
     eprint         = "0710.3820",
     archivePrefix  = "arXiv",
     primaryClass   = "hep-ph",
     reportNumber   = "CERN-LCGAPP-2007-04, LU-TP-07-28, FERMILAB-PUB-07-512-CD-T",
     SLACcitation   = "%%CITATION = ARXIV:0710.3820;%%",
}

  @Article{herwig,
       author    = "Bahr, M. and others",
       title     = "{Herwig++ Physics and Manual}",
       journal   = "Eur. Phys. J.",
       volume    = "C58",
       year      = "2008",
       pages     = "639-707",
       eprint    = "0803.0883",
       archivePrefix = "arXiv",
       primaryClass  =  "hep-ph",
       doi       = "10.1140/epjc/s10052-008-0798-9",
       SLACcitation  = "%%CITATION = 0803.0883;%%"
  }


  @ARTICLE{mlm,
       AUTHOR       = "S. Hoche et al.",
       JOURNAL      = "hep-ph/0602031"
       }

  @article{cteq,
        author         = "Pumplin, J. and Stump, D. R. and Huston, J. and Lai, H. L.
                          and Nadolsky, Pavel M. and others",
        title          = "{New generation of parton distributions with
                          uncertainties from global QCD analysis}",
        journal        = "JHEP",
        volume         = "07",
        pages          = "012",
        year           = "2002",
        eprint         = "hep-ph/0201195",
        archivePrefix  = "arXiv",
        primaryClass   = "hep-ph",
        doi = "10.1088/1126-6708/2002/07/012"
  }

  @ARTICLE{io,
       AUTHOR       = "P. Bartalini, R. Chierici and A. De Roeck",
       JOURNAL      = " CERN-CMS-NOTE 2005-013",
       YEAR         = "2005"
       }

  @ARTICLE{UEtuning,
       AUTHOR       = "D. Acosta et al.",
       JOURNAL      = "CERN-CMS-NOTE, 2006-067",
       YEAR         = "2006"
       }

  @ARTICLE{fastjet,
       AUTHOR       = "Matteo Cacciari and Gavin Salam and Gregory Soyez",
       TITLE        = "FastJet 2.3 User Manual",
       JOURNAL      = "Phys. Lett. B",
       VOLUME       = "641",
       YEAR         = "2006"
       }

  @Article{boostedhiggs,
       author    = "Butterworth, Jonathan M. and Davison, Adam R. and Rubin,
                    Mathieu and Salam, Gavin P.",
       title     = "{Jet substructure as a new Higgs search channel at the
                    LHC}",
       journal   = "Phys. Rev. Lett.",
       volume    = "100",
       year      = "2008",
       pages     = "242001",
       eprint    = "0802.2470",
       archivePrefix = "arXiv",
       primaryClass  =  "hep-ph",
       doi       = "10.1103/PhysRevLett.100.242001",
       SLACcitation  = "%%CITATION = 0802.2470;%%"
  }


  @ARTICLE{optimizationNote,
       COLLABORATION       = "CMS Boosted Top Group",
       TITLE        = "Studies of Top Tagging Algorithms",
       JOURNAL      = "CMS AN-2010/080",
       YEAR         = "2010"
       }

  @Article{CAcambridge,
       author    = "Dokshitzer, Yuri L. and Leder, G. D. and Moretti, S. and
                    Webber, B. R.",
       title     = "{Better Jet Clustering Algorithms}",
       journal   = "JHEP",
       volume    = "08",
       year      = "1997",
       pages     = "001",
       eprint    = "hep-ph/9707323",
       archivePrefix = "arXiv",
       doi = "10.1088/1126-6708/1997/08/001",
       SLACcitation  = "%%CITATION = HEP-PH/9707323;%%"
  }

  @Article{CAaachen,
       author    = "Wobisch, M. and Wengler, T.",
       title     = "{Hadronization corrections to jet cross sections in deep-
                    inelastic  scattering}",
       year      = "1998",
       eprint    = "hep-ph/9907280",
       archivePrefix = "arXiv",
       journal = "DESY-PROC",
       year = "1999",
       volume = "02",
       SLACcitation  = "%%CITATION = HEP-PH/9907280;%%"
  }


  @ARTICLE{ktalg,
       author    = "Cacciari, Matteo and Salam, Gavin P. and Soyez, Gregory",
       title     = "{The anti-kt jet clustering algorithm}",
       journal   = "JHEP",
       volume    = "04",
       year      = "2008",
       pages     = "063",
       eprint    = "0802.1189",
       archivePrefix = "arXiv",
       primaryClass  =  "hep-ph",
       SLACcitation  = "%%CITATION = 0802.1189;%%"
  }

  @Article{jetarea_fastjet_pu,
       author    = "Cacciari, Matteo and Salam, Gavin P.",
       title     = "{Pileup subtraction using jet areas}",
       journal   = "Phys. Lett. B",
       volume    = "659",
       year      = "2008",
       pages     = "119-126",
       eprint    = "0707.1378",
       archivePrefix = "arXiv",
       primaryClass  =  "hep-ph",
       doi       = "10.1016/j.physletb.2007.09.077",
       SLACcitation  = "%%CITATION = 0707.1378;%%"
  }

  @Article{jetarea_fastjet,
       author    = "Cacciari, Matteo and Salam, Gavin P. and Soyez, Gregory",
       title     = "{The Catchment Area of Jets}",
       journal   = "JHEP",
       volume    = "04",
       year      = "2008",
       pages     = "005",
       eprint    = "0802.1188",
       archivePrefix = "arXiv",
       primaryClass  =  "hep-ph",
       doi       = "10.1088/1126-6708/2008/04/005",
       SLACcitation  = "%%CITATION = 0802.1188;%%"
  }


  @TECHREPORT{jec_spring10,
       TITLE="Jet Energy Corrections determination at 7 TeV ",
       COLLABORATION       = "CMS",
       NUMBER      = "CMS PAS JME-10-010",
       YEAR         = "2010"
       }

  @Article{Ellis:2007ib,
       author    = "Ellis, S. D. and Huston, J. and Hatakeyama, K. and Loch, P. and Tonnesmann, M.",
       title     = "{Jets in hadron-hadron collisions}",
       journal   = "Prog. Part. Nucl. Phys.",
       volume    = "60",
       year      = "2008",
       pages     = "484-551",
       eprint    = "0712.2447",
       archivePrefix = "arXiv",
       primaryClass  =  "hep-ph",
       doi       = "10.1016/j.ppnp.2007.12.002",
       SLACcitation  = "%%CITATION = 0712.2447;%%"
  }

  @TECHREPORT{jetid,
       title="Jet Performance in pp Collisions at $\sqrt{s} = $ 7 TeV",
       COLLABORATION       = "CMS",
       NUMBER      = "CMS PAS JME-10-003",
       YEAR         = "2010"
       }

  @Article{:2008zzk,
     author    = "Chatrchyan, S. and others",
   collaboration = "CMS",
       title     = "{The CMS experiment at the CERN LHC}",
       journal   = "JINST",
       volume    = "3",
       year      = "2008",
       pages     = "S08004",
       doi       = "10.1088/1748-0221/3/08/S08004",
       SLACcitation  = "%%CITATION = JINST,3,S08004;%%"
  }


  @article{boost2010,
        author         = "Abdesselam, A. and Kuutmann, E. Bergeaas and Bitenc, U.
                          and Brooijmans, G. and Butterworth, J. and others",
        title          = "{Boosted objects: A Probe of beyond the Standard Model
                          physics}",
        journal        = "Eur. Phys. J. C",
        volume         = "71",
        pages          = "1661",
        year           = "2011",
        eprint         = "1012.5412",
        archivePrefix  = "arXiv",
        primaryClass   = "hep-ph",
  }

@article{boost2011,
      author         = "Altheimer, A. and Arora, S. and Asquith, L. and
                        Brooijmans, G. and Butterworth, J. and others",
      title          = "{Jet Substructure at the Tevatron and LHC: New results,
                        new tools, new benchmarks}",
      journal        = "J. Phys. G",
      volume         = "39",
      pages          = "063001",
      doi            = "10.1088/0954-3899/39/6/063001",
      year           = "2012",
      eprint         = "1201.0008",
      archivePrefix  = "arXiv",
      primaryClass   = "hep-ph",
      reportNumber   = "SLAC-R-990",
      SLACcitation   = "%%CITATION = ARXIV:1201.0008;%%",
}

  @TECHREPORT{topwtag_pas,
        AUTHOR      = "{CMS Collaboration}",
       collaboration = "CMS",
       title     = "Study of Jet Substructure in pp Collisions at 7 TeV in CMS",
       type   = "CMS Physics Analysis Summary",
       number    = "CMS-PAS-JME-10-013"
  }

  @Article{fastjet1,
       author    = "Cacciari, Matteo and Salam, Gavin P.",
       title     = "{Dispelling the N**3 myth for the k(t) jet-finder}",
       journal   = "Phys. Lett. B",
       volume    = "641",
       year      = "2006",
       pages     = "57-61",
       eprint    = "hep-ph/0512210",
       archivePrefix = "arXiv",
       doi       = "10.1016/j.physletb.2006.08.037",
       SLACcitation  = "%%CITATION = HEP-PH/0512210;%%"
  }

@UNPUBLISHED{fastjet2,
      author         = "Cacciari, Matteo and Salam, Gavin P. and Soyez, Gregory",
      title          = "{FastJet user manual}",
      year           = "2011",
      eprint         = "1111.6097",
      archivePrefix  = "arXiv",
      primaryClass   = "hep-ph",
      reportNumber   = "CERN-PH-TH-2011-297",
      SLACcitation   = "%%CITATION = ARXIV:1111.6097;%%",
}

@TECHREPORT{highpuritytracks,
        AUTHOR      = "{CMS Collaboration}",
        COLLABORATION = {CMS},
     title="Tracking and Vertexing Results from First Collisions",
     URL = "https://cdsweb.cern.ch/record/1258204",
    type = "CMS Physics Analysis Summary",
    number     = "CMS-PAS-TRK-10-001",
     YEAR         = "2010"
     }

@TECHREPORT{jetselection,
     title="Particle-Flow Event Reconstruction in CMS and Performance for Jets, Taus, and MET",
     COLLABORATION       = "CMS",
     number      = "CMS PAS PFT-09-001",
     type = "CMS Physics Analysis Summary",
     YEAR         = "2009"
     }

@article{mstw,
      author         = "Martin, A. D. and Stirling, W. J. and Thorne, R. S. and
                        Watt, G.",
      title          = "{Parton distributions for the LHC}",
      journal        = "Eur. Phys. J. C",
      volume         = "63",
      pages          = "189-285",
      doi            = "10.1140/epjc/s10052-009-1072-5",
      year           = "2009",
      eprint         = "0901.0002",
      archivePrefix  = "arXiv",
      primaryClass   = "hep-ph",
}

@UNPUBLISHED{hhp,
      author         = "Harris, Robert M. and Hill, Christopher T. and Parke,
                        Stephen J.",
      title          = "{Cross-section for topcolor $\mathrm{Z'}$ decaying to $\mathrm{t}\overline{\mathrm{t}}$}",
      year           = "1999",
      eprint         = "hep-ph/9911288",
      archivePrefix  = "arXiv",
      primaryClass   = "hep-ph",
      reportNumber   = "FERMILAB-FN-0687, CDF-ANAL-EXOTIC-PUBLIC-5064",
      SLACcitation   = "%%CITATION = HEP-PH/9911288;%%",
}


@UNPUBLISHED{hj,
      author         = "Harris, Robert M. and Jain, Supriya",
      title          = "{Cross Sections for Leptophobic Topcolor Z' Decaying to
                        $\mathrm{t}\overline{\mathrm{t}}$}",
      year           = "2011",
      eprint         = "1112.4928",
      archivePrefix  = "arXiv",
      primaryClass   = "hep-ph",
      reportNumber   = "FERMILAB-FN-0940-CMS-PPD",
      SLACcitation   = "%%CITATION = ARXIV:1112.4928;%%",
}

@article{hjkfactor,
      author         = "Harris, Robert M. and Jain, Supriya",
      note          = "Private communication"
}


@article{Aliev:2010zk,
      author         = "Aliev, M. and others",
      title          = "{HATHOR: HAdronic Top and Heavy quarks crOss section
                        calculatoR}",
      journal        = "Comput. Phys. Commun.",
      volume         = "182",
      pages          = "1034",
      doi            = "10.1016/j.cpc.2010.12.040",
      year           = "2011",
      eprint         = "1007.1327",
      archivePrefix  = "arXiv",
      primaryClass   = "hep-ph"
}
@article{Langenfeld:2009wd,
      author         = "Langenfeld, U. and Moch, S. and Uwer, P.",
      title          = "{Measuring the running top-quark mass}",
      journal        = "Phys. Rev. D",
      volume         = "80",
      pages          = "054009",
      doi            = "10.1103/PhysRevD.80.054009",
      year           = "2009",
      eprint         = "0906.5273",
      archivePrefix  = "arXiv",
      primaryClass   = "hep-ph"
}
@article{Kidonakis:2010dk,
      author         = "Kidonakis, Nikolaos",
      title          = "{Next-to-next-to-leading soft-gluon corrections for the
                        top quark cross section and transverse momentum
                        distribution}",
      journal        = "Phys. Rev. D",
      volume         = "82",
      pages          = "114030",
      doi            = "10.1103/PhysRevD.82.114030",
      year           = "2010",
      eprint         = "1009.4935",
      archivePrefix  = "arXiv",
      primaryClass   = "hep-ph"
}



@article{bhkr,
      author         = "Bai, Yang and Hewett, JoAnne L. and Kaplan, Jared and
                        Rizzo, Thomas G.",
      title          = "{LHC Predictions from a Tevatron Anomaly in the Top Quark
                        Forward-Backward Asymmetry}",
      journal        = "JHEP",
      volume         = "03",
      pages          = "003",
      doi            = "10.1007/JHEP03(2011)003",
      year           = "2011",
      eprint         = "1101.5203",
      archivePrefix  = "arXiv",
      primaryClass   = "hep-ph",
}

@Article{top_AFB1,
     author    = "Aaltonen, T. and others",
 collaboration = "CDF",
     title     = "{Forward-Backward Asymmetry in Top Quark Production in
                  $\mathrm{p}\overline{\mathrm{p}}$ Collisions at $\sqrt{s}$ = 1.96~TeV}",
     journal   = "Phys. Rev. Lett.",
     volume    = "101",
     year      = "2008",
     pages     = "202001",
     eprint    = "0806.2472",
     archivePrefix = "arXiv",
     primaryClass  =  "hep-ex",
     doi       = "10.1103/PhysRevLett.101.202001",
     SLACcitation  = "%%CITATION = 0806.2472;%%"
}

@Article{top_AFB2,
     author    = "Abazov, V. M. and others",
 collaboration = "D0",
     title     = "{First measurement of the forward-backward charge asymmetry
                  in top quark pair production}",
     journal   = "Phys. Rev. Lett.",
     volume    = "100",
     year      = "2008",
     pages     = "142002",
     eprint    = "0712.0851",
     archivePrefix = "arXiv",
     primaryClass  =  "hep-ex",
     doi       = "10.1103/PhysRevLett.100.142002",
     SLACcitation  = "%%CITATION = 0712.0851;%%"
}

@Article{top_AFB3,
     author    = "Aaltonen, T. and others",
 collaboration = "CDF",
     title     = "{Evidence for a Mass Dependent Forward-Backward Asymmetry
                  in Top Quark Pair Production}",
     journal   = "Phys. Rev. D",
     volume    = "83",
     year      = "2011",
     pages     = "112003",
     eprint    = "1101.0034",
     archivePrefix = "arXiv",
     primaryClass  =  "hep-ex",
     doi       = "10.1103/PhysRevD.83.112003",
     SLACcitation  = "%%CITATION = 1101.0034;%%"
}



@article{top_AFB4,
      author         = "Abazov, Victor Mukhamedovich and others",
      title          = "{Forward-backward asymmetry in top quark-antiquark
                        production}",
      collaboration  = "D0",
      journal        = "Phys. Rev. D",
      volume         = "84",
      pages          = "112005",
      year           = "2011",
      eprint         = "1107.4995",
      archivePrefix  = "arXiv",
      primaryClass   = "hep-ex",
      reportNumber   = "FERMILAB-PUB-11-347-E",
      doi = "10.1103/PhysRevD.84.112005",
      SLACcitation   = "%%CITATION = ARXIV:1107.4995;%%",
}


@article{top_AFB5,
      author         = "Aaltonen, T. and others",
      title          = "{Evidence for a Mass Dependent Forward-Backward Asymmetry
                        in Top Quark Pair Production}",
      collaboration  = "CDF",
      journal        = "Phys. Rev. D",
      volume         = "83",
      pages          = "112003",
      doi            = "10.1103/PhysRevD.83.112003",
      year           = "2011",
      eprint         = "1101.0034",
      archivePrefix  = "arXiv",
      primaryClass   = "hep-ex",
      reportNumber   = "FERMILAB-PUB-10-525-E",
      SLACcitation   = "%%CITATION = ARXIV:1101.0034;%%",
}

@Article{axigluon_ttbar_1,
     author    = "Frampton, Paul H. and Shu, Jing and Wang, Kai",
     title     = "{Axigluon as Possible Explanation for $p\bar{p} \to
                  t\bar{t}$ Forward-Backward Asymmetry}",
     journal   = "Phys. Lett. B",
     volume    = "683",
     year      = "2010",
     pages     = "294-297",
     eprint    = "0911.2955",
     archivePrefix = "arXiv",
     primaryClass  =  "hep-ph",
     doi       = "10.1016/j.physletb.2009.12.043",
     SLACcitation  = "%%CITATION = 0911.2955;%%"
}

@Article{axigluon_ttbar_2,
     author    = "Gresham, Moira I. and Kim, Ian-Woo and Zurek, Kathryn M.",
     title     = "{On Models of New Physics for the Tevatron Top A\_FB}",
     journal   = "Phys. Rev. D",
     volume    = "83",
     year      = "2011",
     pages     = "114027",
     eprint    = "1103.3501",
     archivePrefix = "arXiv",
     primaryClass  =  "hep-ph",
     doi       = "10.1103/PhysRevD.83.114027",
     SLACcitation  = "%%CITATION = 1103.3501;%%"
}
@Article{axigluon_ttbar_3,
     author    = "Antunano, Oscar and Kuhn, Johann H. and Rodrigo, German",
     title     = "{Top quarks, axigluons and charge asymmetries at hadron
                  colliders}",
     journal   = "Phys. Rev. D",
     volume    = "77",
     year      = "2008",
     pages     = "014003",
     eprint    = "0709.1652",
     archivePrefix = "arXiv",
     primaryClass  =  "hep-ph",
     doi       = "10.1103/PhysRevD.77.014003",
     SLACcitation  = "%%CITATION = 0709.1652;%%"
}


@UNPUBLISHED{axigluon_ttbar_4,
     author    = "Godbole, Rohini M. and Choudhury, Debajyoti",
     title     = "{Nonstandard, strongly interacting spin one $\mathrm{t}\overline{\mathrm{t}}$
                  resonances}",
     year      = "2008",
     eprint    = "0810.3635",
     archivePrefix = "arXiv",
     primaryClass  =  "hep-ph",
     SLACcitation  = "%%CITATION = 0810.3635;%%"
}


@Article{cscp,
     author    = "Chivukula, R. Sekhar and Simmons, Elizabeth H. and Yuan, C.
                  -P.",
     title     = "{Axigluons cannot explain the observed top quark forward-
                  backward asymmetry}",
     journal   = "Phys. Rev. D",
     volume    = "82",
     year      = "2010",
     pages     = "094009",
     eprint    = "1007.0260",
     archivePrefix = "arXiv",
     primaryClass  =  "hep-ph",
     doi       = "10.1103/PhysRevD.82.094009",
     SLACcitation  = "%%CITATION = 1007.0260;%%"
}

@article{top_afb_implications1,
      author         = "Delaunay, Cedric and Gedalia, Oram and Hochberg, Yonit
                        and Perez, Gilad and Soreq, Yotam",
      title          = "{Implications of the CDF $t \bar{t}$ Forward-Backward
                        Asymmetry for Hard Top Physics}",
      journal        = "JHEP",
      volume         = "08",
      pages          = "031",
      doi            = "10.1007/JHEP08(2011)031",
      year           = "2011",
      eprint         = "1103.2297",
      archivePrefix  = "arXiv",
      primaryClass   = "hep-ph",
}

@article{top_afb_implications2,
      author         = "Aguilar-Saavedra, J. A. and Perez-Victoria, M.",
      title          = "{Probing the Tevatron $\mathrm{t}\overline{\mathrm{t}}$ asymmetry at LHC}",
      journal        = "JHEP",
      volume         = "05",
      pages          = "034",
      doi            = "10.1007/JHEP05(2011)034",
      year           = "2011",
      eprint         = "1103.2765",
      archivePrefix  = "arXiv",
      primaryClass   = "hep-ph",
}


@article{pdf4lhc,
      author         = "Watt, G.",
      title          = "{Parton distribution function dependence of benchmark
                        Standard Model total cross sections at the 7 TeV LHC}",
      journal        = "JHEP",
      volume         = "09",
      pages          = "069",
      year           = "2011",
      eprint         = "1106.5788",
      archivePrefix  = "arXiv",
      primaryClass   = "hep-ph",
      doi = "10.1007/JHEP09(2011)069"
}

@TECHREPORT{EXO-11-055,
     title="Search for heavy narrow resonances decaying to ttbar in the muon+jets channel",
     COLLABORATION       = "CMS",
     JOURNAL      = "CMS PAS EXO-11-055",
     YEAR         = "2011"
     }

@ARTICLE{theta,
   author = "Muller, Thomas and Ott, Jochen and Wagner-Kuhr, Jeannine",
    title = "{theta - a framework for template-based modeling and inference}",
   journal = "CMS Internal Note",
   volume = "IN-2010/017",
   year = "2010",
   pages    = ""
}


@article{jec_jinst,
      author         = "Chatrchyan, Serguei and others",
      title          = "{Determination of Jet Energy Calibration and Transverse
                        Momentum Resolution in CMS}",
      collaboration  = "CMS",
      journal        = "JINST",
      volume         = "6",
      pages          = "P11002",
      doi            = "10.1088/1748-0221/6/11/P11002",
      year           = "2011",
      eprint         = "1107.4277",
      archivePrefix  = "arXiv",
      primaryClass   = "physics.ins-det",
      reportNumber   = "CMS-JME-10-011, CERN-PH-EP-2011-102",
      SLACcitation   = "%%CITATION = ARXIV:1107.4277;%%",
}

@TECHREPORT{CMS-PAS-BTV-11-001,
        AUTHOR      = "{CMS Collaboration}",
        COLLABORATION = {CMS},
        TITLE       = "Performance of the b-jet identification in CMS",
        URL         = "http://cdsweb.cern.ch/record/1366061/",
        TYPE     = "CMS Physics Analysis Summary",
        NUMBER      = "CMS-PAS-BTV-11-001",
        YEAR        = "2011"
}


@Article{Geant4,
     author    = "Allison, John and others",
     title     = "{Geant4} developments and applications",
     journal   = "IEEE Trans. Nucl. Sci.",
     volume    = "53",
     year      = "2006",
     pages     = "270",
     doi       = "10.1109/TNS.2006.869826",
     SLACcitation  = "%%CITATION = IETNA,53,270;%%"
}

@article{Read1,
	Author  = "Read, A. L.",
	Journal = "J. Phys. G",
	pages    = "2693",
	Title   = "Presentation of search results: the {CLs} technique",
	Volume  = "28",
	Year    = "2002",
        doi = "10.1088/0954-3899/28/10/313"
}

@Article{junkcls,
    author    = "T. Junk",
    title     = "{Confidence level computation for combining searches with small statistics}",
    journal   = "Nucl. Instrum. Meth. A",
    volume    = "434",
    year      = "1999",
    pages     = "435",
    doi       = "10.1016/S0168-9002(99)00498-2"
}

@techreport{cls_lhc,
      author         = "{ATLAS and CMS Collaborations}",
      title        = "Procedure for the LHC Higgs boson search combination in summer 2011",
      type = "ATL-PHYS-PUB-2011-011,",
      number       = "{CMS NOTE-11-005}",
      URL         = "https://cdsweb.cern.ch/record/1379837",
      year         = "2011",
}


@article{TOP-10-003,
      author         = "Chatrchyan, Serguei and others",
      title          = "{Measurement of the t $\bar{t}$ Production Cross Section
                        in pp Collisions at 7 TeV in Lepton + Jets Events Using
                        b-quark Jet Identification}",
      collaboration  = "CMS",
      journal        = "Phys. Rev. D",
      volume         = "84",
      pages          = "092004",
      doi            = "10.1103/PhysRevD.84.092004",
      year           = "2011",
      eprint         = "1108.3773",
      archivePrefix  = "arXiv",
      primaryClass   = "hep-ex",
      reportNumber   = "CMS-TOP-10-003, CERN-PH-EP-2011-085",
      SLACcitation   = "%%CITATION = ARXIV:1108.3773;%%",
}

@Article{fewz,
     author    = "Melnikov, Kirill and Petriello, Frank",
     title     = "Electroweak gauge boson production at hadron colliders
                  through $O(\alpha_s^2)$",
     journal   = "Phys. Rev. D",
     volume    = "74",
     year      = "2006",
     pages     = "114017",
     eprint    = "hep-ph/0609070",
     archivePrefix = "arXiv",
     doi       = "10.1103/PhysRevD.74.114017",
     SLACcitation  = "%%CITATION = HEP-PH/0609070;%%"
}

@article{Harris:2011ez,
      author         = "Harris, Robert M. and Jain, Supriya",
      title          = "{Cross Sections for Leptophobic Topcolor Z' decaying to
                        top-antitop}",
      journal = "Eur. Phys. J. C",
      year           = "2012",
      volume = "72",
      pages = "2072",
      eprint         = "1112.4928",
      archivePrefix  = "arXiv",
      primaryClass   = "hep-ph",
      reportNumber   = "FERMILAB-FN-0940-CMS-PPD",
      SLACcitation   = "%%CITATION = ARXIV:1112.4928;%%",
}

@article{EXO-11-006,
      author         = "Chatrchyan, Serguei and others",
      title          = "{Search for anomalous t t-bar production in the
                        highly-boosted all-hadronic final state}",
      collaboration  = "CMS Collaboration",
      journal        = "JHEP",
      volume         = "1209",
      pages          = "029",
      doi            = "10.1007/JHEP09(2012)029",
      year           = "2012",
      eprint         = "1204.2488",
      archivePrefix  = "arXiv",
      primaryClass   = "hep-ex",
      reportNumber   = "CMS-EXO-11-006, CERN-PH-EP-2012-077",
      SLACcitation   = "%%CITATION = ARXIV:1204.2488;%%",
}

@article{EXO-11-095,
      author         = "Chatrchyan, Serguei and others",
      title          = "{Search for heavy resonances in the W/Z-tagged dijet mass
                        spectrum in pp collisions at 7 TeV}",
      collaboration  = "CMS Collaboration",
      year           = "2012",
      eprint         = "1212.1910",
      archivePrefix  = "arXiv",
      primaryClass   = "hep-ex",
      reportNumber   = "CMS-EXO-11-095, CERN-PH-EP-2012-356",
      SLACcitation   = "%%CITATION = ARXIV:1212.1910;%%",
}

@article{SMP-12-019,
      author         = "Chatrchyan, Serguei and others",
      title          = "{Studies of jet mass in dijet and W/Z+jet events}",
      collaboration  = " CMS Collaboration",
      journal        = "JHEP",
      volume         = "1305",
      pages          = "090",
      doi            = "10.1007/JHEP05(2013)090",
      year           = "2013",
      eprint         = "1303.4811",
      archivePrefix  = "arXiv",
      primaryClass   = "hep-ex",
      reportNumber   = "CMS-SMP-12-019, CERN-PH-EP-2013-016",
      SLACcitation   = "%%CITATION = ARXIV:1303.4811;%%",
}


@article{B2G-12-005,
      author         = "Chatrchyan, Serguei and others",
      title          = "{Search for Anomalous Top Quark Pair Production in the Boosted All-Hadronic Final State using pp Collisions at sqrt(s) = 8 TeV}",
      collaboration  = "CMS Collaboration",
      reportNumber   = "CMS-PAS-B2G-12-005",
     note = "CMS-PAS-B2G-12-005 \href{https://cds.cern.ch/record/1545285?ln=en}",
      SLACcitation   = "%%CITATION = CMS-PAS-B2G-12-006 ETC.;%%",
}

@ARTICLE{B2G-12-006,
      AUTHOR      = "{CMS Collaboration}",
      COLLABORATION = {CMS},
      TITLE       = "{Search for $\ttbar$ resonances in semileptonic final state}",
      JOURNAL     = "CMS Physics Analysis Summary",
      VOLUME      = "CMS-PAS-B2G-12-006",
      YEAR        = "2012"
}


@article{B2G-12-012,
      author         = "Chatrchyan, Serguei and others",
      title          = "{Search for T5/3 top partners in same-sign dilepton final state}",
      collaboration  = "CMS Collaboration",
      reportNumber   = "CMS-PAS-B2G-12-012",
     note = "CMS-PAS-B2G-12-012 \href{http://cds.cern.ch/record/1524087?ln=en}",
      SLACcitation   = "%%CITATION = CMS-PAS-B2G-12-012 ETC.;%%",
}


@article{B2G-12-015,
      author         = "Chatrchyan, Serguei and others",
      title          = "{Inclusive search for top partners}",
      collaboration  = "CMS Collaboration",
      reportNumber   = "CMS-PAS-B2G-12-015",
     note = "CMS-PAS-B2G-12-015 \href{http://cds.cern.ch/record/1524087?ln=en}",
      SLACcitation   = "%%CITATION = CMS-PAS-B2G-12-015 ETC.;%%",
}


@article{B2G-12-019,
      author         = "Chatrchyan, Serguei and others",
      title          = "{Inclusive search for bottom partners}",
      collaboration  = "CMS Collaboration",
      reportNumber   = "CMS-PAS-B2G-12-019",
     note = "CMS-PAS-B2G-12-019 \href{http://cds.cern.ch/record/1524087?ln=en}",
      SLACcitation   = "%%CITATION = CMS-PAS-B2G-12-019 ETC.;%%",
}

@article{Seymour:1993mx,
      author         = "Seymour, Michael H.",
      title          = "{Searches for new particles using cone and cluster jet
                        algorithms: A Comparative study}",
      journal        = "Z. Phys. C",
      volume         = "62",
      pages          = "127",
      doi            = "10.1007/BF01559532",
      year           = "1994",
      reportNumber   = "LU-TP-93-8",
      SLACcitation   = "%%CITATION = ZEPYA,C62,127;%%",
}

@article{Chatrchyan:2013wxa,
      author         = "Chatrchyan, Serguei and others",
      title          = "{Search for gluino mediated bottom- and top-squark
                        production in multijet final states in pp collisions at 8
                        TeV}",
      collaboration  = "CMS Collaboration",
      year           = "2013",
      eprint         = "1305.2390",
      archivePrefix  = "arXiv",
      primaryClass   = "hep-ex",
      note = "Submitted to Phys. Lett. B",
      reportNumber   = "CMS-SUS-12-024, CERN-PH-EP-2013-076",
      SLACcitation   = "%%CITATION = ARXIV:1305.2390;%%",
}

@article{Degrassi:2002fi,
      author         = "Degrassi, G. and Heinemeyer, S. and Hollik, W. and
                        Slavich, P. and Weiglein, G.",
      title          = "{Towards high precision predictions for the MSSM Higgs
                        sector}",
      journal        = "Eur. Phys. J. C",
      volume         = "28",
      pages          = "133",
      doi            = "10.1140/epjc/s2003-01152-2",
      year           = "2003",
      eprint         = "hep-ph/0212020",
      archivePrefix  = "arXiv",
      primaryClass   = "hep-ph",
      reportNumber   = "DCPT-02-126, IPPP-02-63, LMU-11-02, MPI-PHT-2002-73,
                        RM3-TH-02-19",
      SLACcitation   = "%%CITATION = HEP-PH/0212020;%%",
}

@article{Gunion:1987qv,
      author         = "Gunion, J.F. and Haber, H.E. and Sher, M.",
      title          = "{Charge / Color Breaking Minima and a-Parameter Bounds in
                        Supersymmetric Models}",
      journal        = "Nucl. Phys. B",
      volume         = "306",
      pages          = "1",
      doi            = "10.1016/0550-3213(88)90168-X",
      year           = "1988",
      reportNumber   = "UCD-87-37, SCIPP-87/113, WU-TH-87-6",
      SLACcitation   = "%%CITATION = NUPHA,B306,1;%%",
}

@article{Feng:1999mn,
      author         = "Feng, Jonathan L. and Matchev, Konstantin T. and Moroi,
                        Takeo",
      title          = "{Multi - TeV scalars are natural in minimal
                        supergravity}",
      journal        = "Phys. Rev. Lett.",
      volume         = "84",
      pages          = "2322",
      doi            = "10.1103/PhysRevLett.84.2322",
      year           = "2000",
      eprint         = "hep-ph/9908309",
      archivePrefix  = "arXiv",
      primaryClass   = "hep-ph",
      reportNumber   = "IASSNS-HEP-99-78, FERMILAB-PUB-99-226-T",
      SLACcitation   = "%%CITATION = HEP-PH/9908309;%%",
}

@article{Kitano:2006gv,
      author         = "Kitano, Ryuichiro and Nomura, Yasunori",
      title          = "{Supersymmetry, naturalness, and signatures at the LHC}",
      journal        = "Phys. Rev. D",
      volume         = "73",
      pages          = "095004",
      doi            = "10.1103/PhysRevD.73.095004",
      year           = "2006",
      eprint         = "hep-ph/0602096",
      archivePrefix  = "arXiv",
      primaryClass   = "hep-ph",
      reportNumber   = "SLAC-PUB-11674, UCB-PTH-06-01, LBNL-59605",
      SLACcitation   = "%%CITATION = HEP-PH/0602096;%%",
}

@article{Barbieri:2009ev,
      author         = "Barbieri, Riccardo and Pappadopulo, Duccio",
      title          = "{S-particles at their naturalness limits}",
      journal        = "JHEP",
      volume         = "0910",
      pages          = "061",
      doi            = "10.1088/1126-6708/2009/10/061",
      year           = "2009",
      eprint         = "0906.4546",
      archivePrefix  = "arXiv",
      primaryClass   = "hep-ph",
      SLACcitation   = "%%CITATION = ARXIV:0906.4546;%%",
}

@article{Horton:2009ed,
      author         = "Horton, D. and Ross, G.G.",
      title          = "{Naturalness and Focus Points with Non-Universal Gaugino
                        Masses}",
      journal        = "Nucl. Phys. B",
      volume         = "830",
      pages          = "221",
      doi            = "10.1016/j.nuclphysb.2009.12.031",
      year           = "2010",
      eprint         = "0908.0857",
      archivePrefix  = "arXiv",
      primaryClass   = "hep-ph",
      reportNumber   = "OUTP-0919P",
      SLACcitation   = "%%CITATION = ARXIV:0908.0857;%%",
}


@techreport{Dominguez:1481838,
      author       = "Dominguez, A",
      title        = "CMS Technical Design Report for the Pixel Detector Upgrade",
      institution  = "CERN",
      address      = "Geneva",
      number       = "CERN-LHCC-2012-016. CMS-TDR-11",
      month        = "Sep",
      year         = "2012",
      note         = "Additional contacts: Jeffrey Spalding, Fermilab,
                      Jeffrey.Spalding@cern.ch Didier Contardo, Universite Claude
                      Bernard-Lyon I, didier.claude.contardo@cern.ch",
}

@techreport{Mans:1481837,
      author       = "Mans, J",
      title        = "CMS Technical Design Report for the Phase 1 Upgrade of the
                      Hadron Calorimeter",
      institution  = "CERN",
      address      = "Geneva",
      number       = "CERN-LHCC-2012-015. CMS-TDR-10",
      month        = "Sep",
      year         = "2012",
      note         = "Additional contact persons: Jeffrey Spalding, Fermilab,
                      spalding@cern.ch, Didier Contardo, Universite Claude
                      Bernard-Lyon I, contardo@cern.ch",
}

@article{Davoudiasl:2009cd,
      author         = "Davoudiasl, Hooman and Gopalakrishna, Shrihari and
                        Ponton, Eduardo and Santiago, Jose",
      title          = "{Warped 5-Dimensional Models: Phenomenological Status and
                        Experimental Prospects}",
      journal        = "New J. Phys.",
      volume         = "12",
      pages          = "075011",
      doi            = "10.1088/1367-2630/12/7/075011",
      year           = "2010",
      eprint         = "0908.1968",
      archivePrefix  = "arXiv",
      primaryClass   = "hep-ph",
      SLACcitation   = "%%CITATION = ARXIV:0908.1968;%%",
}


@other{snowmass,
     author = "SnowMass Collaboration",
     title = "Snowmass on the Mississippi",
     note = "\href{http://www.snowmass2013.org/tiki-index.php}{\tt{http://www.snowmass2013.org/tiki-index.php}}."
}

@other{higgsfest,
     author = "SUNY at Buffalo Physics Department",
     title = "Higgsfest",
     note = "\href{http://www.physics.buffalo.edu/HiggsFest}{\tt{http://www.physics.buffalo.edu/HiggsFest}}."
}


@other{higgsfest_ubreporter,
     author = "Charlotte Hsu",
     title = "HiggsFest celebrates physics discovery",
     note = "\href{http://www.buffalo.edu/ubreporter/archive/2012_11_29/higgs_fest.html}{\tt{http://www.buffalo.edu/ubreporter/archive/2012\_11\_29/higgs\_fest.html}}."
}

@other{babeville,
     author = "Righteous Babe Records",
     title = "The Ninth Ward at Babeville",
     note = "\href{http://www.babevillebuffalo.com}{\tt{http://www.babevillebuffalo.com}}."
}



@other{cabaret,
     author = "Babeville and SUNY at Buffalo",
     title = "Science and Art Cabaret",
     note = "\href{http://www.hallwalls.org/science-art.php}{\tt{http://www.hallwalls.org/science-art.php}}."
}

@other{kivy,
     author = "Kivy Community Project",
     title = "Kivy Python Library",
     note = "\href{http://kivy.org}{\tt{http://kivy.org}}."
}

@other{simcityedu_usatoday,
     author = "USA Today",
     title = "Video game invades classroom, scores education points",
     note = "\href{http://www.usatoday.com/story/news/nation/2013/03/04/video-games-education-simcity/1963239/}{\tt{http://www.usatoday.com/story/news/nation/2013/03/04/video-games-education-simcity/1963239/}}."
}


@other{gates,
     author = "The Bill and Melinda Gates Foundation",
     title = "College-Ready Education",
     note = "\href{http://www.gatesfoundation.org/What-We-Do/US-Program/College-Ready-Education}{\tt{http://www.gatesfoundation.org/What-We-Do/US-Program/College-Ready-Education}}."
}

@other{macfound,
     author = "The John D. and Catherine T. MacArthur Foundation",
     title = "Digital Media and Learning",
     note = "\href{http://www.macfound.org/programs/learning/}{\tt{http://www.macfound.org/programs/learning/}}."
}

@other{angrybirds,
     author = "Roxio Entertainment, Ltd.",
     title = "Angry Birds",
     note = "\href{http://www.angrybirds.com}{\tt{http://www.angrybirds.com}}."
}

@other{simplephysics,
     author = "Jundroo, LLC",
     title = "Simple Physics",
     note = "\href{http://www.jundroo.com/project/SimplePhysicsm}{\tt{http://www.jundroo.com/project/SimplePhysics}}."
}


@other{simcity,
     author = "Electronic Arts Inc.",
     title = "SimCity",
     note = "\href{http://www.simcity.com}{\tt{http://www.simcity.com}}."
}

@other{simcityedu,
     author = "Electronic Arts Inc.",
     title = "SimCityEdu",
     note = "\href{http://www.simcityedu.com}{\tt{http://www.simcityedu.com}}."
}



@other{quarked,
     author = "Bean, A. and others",
     title = "Quarked! Adventures in the Subatomic Universe",
     note = "\href{http://www.quarked.org}{\tt{http://www.quarked.org}}."
}



@article{heptoptagger,
      author         = "Plehn, Tilman and Spannowsky, Michael and Takeuchi,
                        Michihisa and Zerwas, Dirk",
      title          = "{Stop Reconstruction with Tagged Tops}",
      journal        = "JHEP",
      volume         = "1010",
      pages          = "078",
      doi            = "10.1007/JHEP10(2010)078",
      year           = "2010",
      eprint         = "1006.2833",
      archivePrefix  = "arXiv",
      primaryClass   = "hep-ph",
      SLACcitation   = "%%CITATION = ARXIV:1006.2833;%%",
}





@article{SUS-13-011,
      author         = "Chatrchyan, Serguei and others",
      title          = "{Search for top-squark pair production in the single lepton final state in pp collisions at 8 TeV}",
      collaboration  = "CMS Collaboration",
      reportNumber   = "CMS-PAS-SUS-13-011",
     note = "CMS-PAS-SUS-13-011 \href{http://cds.cern.ch/record/1547550}",
      SLACcitation   = "%%CITATION = CMS-PAS-SUS-13-011 ETC.;%%",
}


@other{coppa,
     author = "Federal Trade Commission",
     title = "Children's Online Privacy Protection Act of 1998(COPPA)",
     note = "\href{http://www.ftc.gov/ogc/coppa1.htm}{\tt{http://www.ftc.gov/ogc/coppa1.htm}}."
}


@article{EXO-12-024,
      author         = "Chatrchyan, Serguei and others",
      title          = "{Search for heavy tagged dijet resonances}",
      collaboration  = "CMS Collaboration",
      reportNumber   = "CMS-PAS-EXO-12-024",
     note = "CMS-PAS-EXO-12-024 \href{http://cds.cern.ch/record/1547550}",
      SLACcitation   = "%%CITATION = CMS-PAS-EXO-12-024 ETC.;%%",
}

@article{bsmumu_cms,
      author         = "Chatrchyan, Serguei and others",
      title          = "{Measurement of the Bs to mu mu branching fraction and
                        search for B0 to mu mu with the CMS Experiment}",
      collaboration  = " CMS Collaboration",
      year           = "2013",
      eprint         = "1307.5025",
      archivePrefix  = "arXiv",
      primaryClass   = "hep-ex",
      reportNumber   = "CMS-BPH-13-004, CERN-PH-EP-2013-129",
      SLACcitation   = "%%CITATION = ARXIV:1307.5025;%%",
}

@article{bsmumu_lhcb,
      author         = "Aaij, R and others",
      title          = "{Measurement of the $B^0_s \to \mu^+ \mu^-$ branching
                        fraction and search for $B^0 \to \mu^+ \mu^-$ decays at
                        the LHCb experiment}",
      collaboration  = " LHCb collaboration",
      year           = "2013",
      eprint         = "1307.5024",
      archivePrefix  = "arXiv",
      primaryClass   = "hep-ex",
      reportNumber   = "CERN-PH-EP-2013-128, LHCB-PAPER-2013-046",
      SLACcitation   = "%%CITATION = ARXIV:1307.5024;%%",
}



@article{Chatrchyan:2011hk,
      author         = "Chatrchyan, Serguei and others",
      title          = "{Measurement of the charge asymmetry in top-quark pair
                        production in proton-proton collisions at $\sqrt{s}=7$
                        TeV}",
      collaboration  = "CMS Collaboration",
      journal        = "Phys.Lett.",
      volume         = "B709",
      pages          = "28-49",
      doi            = "10.1016/j.physletb.2012.01.078",
      year           = "2012",
      eprint         = "1112.5100",
      archivePrefix  = "arXiv",
      primaryClass   = "hep-ex",
      reportNumber   = "CERN-PH-EP-2011-217, CMS-TOP-11-014",
      SLACcitation   = "%%CITATION = ARXIV:1112.5100;%%",
}

@article{ATLAS:2012an,
      author         = "Aad, Georges and others",
      title          = "{Measurement of the charge asymmetry in top quark pair
                        production in $pp$ collisions at $\sqrt{s}=7$ TeV using
                        the ATLAS detector}",
      collaboration  = "ATLAS Collaboration",
      journal        = "Eur.Phys.J.",
      volume         = "C72",
      pages          = "2039",
      doi            = "10.1140/epjc/s10052-012-2039-5",
      year           = "2012",
      eprint         = "1203.4211",
      archivePrefix  = "arXiv",
      primaryClass   = "hep-ex",
      reportNumber   = "CERN-PH-EP-2012-015",
      SLACcitation   = "%%CITATION = ARXIV:1203.4211;%%",
}


@article{Chatrchyan:2012saa,
      author         = "Chatrchyan, Serguei and others",
      title          = "{Measurement of differential top-quark pair production
                        cross sections in $pp$ colisions at $\sqrt{s}=7$ TeV}",
      collaboration  = "CMS Collaboration",
      journal        = "Eur.Phys.J.",
      volume         = "C73",
      pages          = "2339",
      doi            = "10.1140/epjc/s10052-013-2339-4",
      year           = "2013",
      eprint         = "1211.2220",
      archivePrefix  = "arXiv",
      primaryClass   = "hep-ex",
      reportNumber   = "CMS-TOP-11-013, CERN-PH-EP-2012-322",
      SLACcitation   = "%%CITATION = ARXIV:1211.2220;%%",
}


@article{Deliot:2013gla,
      author         = "Deliot, Frederic and Peters, Yvonne and Sorin, Veronica
                        and Peters, Yvonne and Sorin, Veronica",
      title          = "{Top quark physics at the Tevatron}",
      collaboration  = "CDF Collaboration, D0",
      journal        = "International Journal of Modern Physics A",
      volume         = "08",
      pages          = "2013",
      doi            = "10.1142/S0217751X13300135",
      year           = "28",
      eprint         = "1302.3628",
      archivePrefix  = "arXiv",
      primaryClass   = "hep-ex",
      reportNumber   = "FERMILAB-PUB-13-042-E",
      SLACcitation   = "%%CITATION = ARXIV:1302.3628;%%",
}




@article{B2G-13-001,
      author         = "Chatrchyan, Serguei and others",
      title          = "{Searches for anomalous $t\overline{t}$ production in pp collisions
                        at $\sqrt{s}$ =8 TeV}",
      collaboration  = " CMS Collaboration",
      year           = "2013",
      eprint         = "1309.2030",
      archivePrefix  = "arXiv",
      primaryClass   = "hep-ex",
      reportNumber   = "CMS-B2G-13-001, CERN-PH-EP-2013-162",
      SLACcitation   = "%%CITATION = ARXIV:1309.2030;%%",
      note="Submitted to PRL"
}

@article{snowmass_topdet,
      author         = "Dolen, J. and Rappoccio, S. and Calkins, R. and Chekanov, S. and Conway, J. 
                        and Erbacher, R. and others",
      title          = "{Reconstructing top quarks at the upgraded LHC and at
                        future accelerators}",
      year           = "2013",
      eprint         = "1307.6908",
      archivePrefix  = "arXiv",
      primaryClass   = "hep-ph",
      reportNumber   = "ANL-HEP-CP-13-31",
      SLACcitation   = "%%CITATION = ARXIV:1307.6908;%%",
}

@article{pat,
      author         = "Rappoccio, S. and Adam, W. and Adler, V. and Hegner, B. and Lista, L. and
                        Lowette, S. and others",
      title          = "{PAT: The CMS physics analysis toolkit}",
      journal        = "J.Phys.Conf.Ser.",
      volume         = "219",
      pages          = "032017",
      doi            = "10.1088/1742-6596/219/3/032017",
      year           = "2010",
      SLACcitation   = "%%CITATION = 00462,219,032017;%%",
}

@article{Aad:2013gja,
      author         = "Aad, Georges and others",
      title          = "{Performance of jet substructure techniques for large-R
                        jets in proton-proton collisions at $\sqrt{s}$ = 7 TeV
                        using the ATLAS detector}",
      collaboration  = "ATLAS Collaboration",
      year           = "2013",
      eprint         = "1306.4945",
      archivePrefix  = "arXiv",
      primaryClass   = "hep-ex",
      reportNumber   = "CERN-PH-EP-2013-069",
      SLACcitation   = "%%CITATION = ARXIV:1306.4945;%%",
}